<?xml version="1.0" encoding="UTF-8"?><collection xmlns="http://www.loc.gov/MARC21/slim"><record><leader>00585nam--2200193-i-4500</leader><controlfield tag="001">000028243</controlfield><controlfield tag="002">20161230</controlfield><controlfield tag="005">20161230201037</controlfield><controlfield tag="008">060222s1000------------r-----000-0-ger-d</controlfield><datafield ind1=" " ind2=" " tag="040"><subfield code="a">IFIN-HH</subfield></datafield><datafield ind1=" " ind2=" " tag="041"><subfield code="a">ger</subfield></datafield><datafield ind1=" " ind2=" " tag="080"><subfield code="a">543.42(083)</subfield></datafield><datafield ind1="1" ind2=" " tag="100"><subfield code="a">Kuba, J</subfield></datafield><datafield ind1="1" ind2="0" tag="245"><subfield code="a">Koinzidenz-tabellen der atomspektroskopie</subfield><subfield code="c">Josef kuba, ludvik kucera, frantisek plzak, miroslav dvorak, jan mraz</subfield></datafield><datafield ind1=" " ind2=" " tag="260"><subfield code="a">Prag</subfield><subfield code="b">Verlag Der Tschechoslowakischen Akademie Der Wissenschaften</subfield><subfield code="c">1964</subfield></datafield><datafield ind1=" " ind2=" " tag="300"><subfield code="a">XXXI + 1136P</subfield></datafield><datafield ind1="1" ind2=" " tag="700"><subfield code="a">Mraz, Jan</subfield></datafield><datafield ind1=" " ind2=" " tag="852"><subfield code="a">22855</subfield><subfield code="c">53.081</subfield></datafield><datafield ind1=" " ind2=" " tag="CAT"><subfield code="a">Sys</subfield><subfield code="c">20160329</subfield><subfield code="h">091748</subfield></datafield></record></collection>